@article{lunev_paper_1,
    author = {Лунев, К. В.},
    title = {К вычислению смысловой близости предложений},
    journal = {Программная инженерия},
    year = {2014},
    number = {8},
    issn = {2220-3397},
    pages = {30--39},
    publisher = {Москва},
    address = {Москва},
    language = {russian}
}

@article{lunev_paper_2,
    author = {Афонин, С. А. and Лунев, К. В.},
    title = {Выявление тематических направлений в коллекции наборов ключевых слов},
    journal = {Программная инженерия},
    year = {2015},
    number = {2},
    issn = {2220-3397},
    pages = {29--39},
    publisher = {Москва},
    address = {Москва},
    language = {russian}
}

@article{lunev_paper_3,
    author = {Васенин, В. А. and Зензинов, А. А. and Лунев, К. В.},
    title = {Использование наукометрических информационно-аналитических систем для автоматизации проведения конкурсных процедур на примере информационно-аналитической системы 'ИСТИНА'},
    journal = {Программная инженерия},
    year = {2016},
    volume = {7},
    number = {10},
    issn = {2220-3397},
    doi = {10.17587/prin.7.472-480},
    pages = {472--480},
    publisher = {Москва},
    address = {Москва},
    annote = {Представлен подход к автоматизации проведения конкурсных процедур в организациях науки и образования на основе механизмов информационно-аналитических систем. Такие системы активно используют в вузах и научно-исследовательских центрах для подготовки принятия управленческих решений, направленных на повышение эффективности их деятельности на всех уровнях — от отдельного ученого, педагога до организации в целом. Продемонстрирован опыт, полученный при реализации этого подхода в действующей в МГУ имени М. В. Ломоносова информационно-аналитической системе {"}ИСТИНА{"}.},
    language = {russian}
}

@article{lunev_paper_4,
    author = {Лунев, К. В.},
    title = {Графовые методы определения семантической близости пары ключевых слов и их применения к задаче кластеризации ключевых слов},
    journal = {Программная инженерия},
    year = {2018},
    volume = {9},
    number = {6},
    issn = {2220-3397},
    pages = {262--271},
    publisher = {Москва},
    address = {Москва},
    annote = {Представлены результаты исследований на направлении поиска моделей, алгоритмов и программных средств для определения семантической близости между двумя ключевыми словами. Методы, использованные в работе, основаны на теоретико-графовых алгоритмах. Документ представляется в виде множества ключевых слов, ассоциированных с этим документом. Определена мера контекстной близости пары ключевых слов. По заданной коллекции документов строится граф ключевых слов. Вершины этого графа соответствуют ключевым словам, а ребра отражают факт контекстной близости пары слов. Далее представлен метод кластеризации построенного графа. Ключевые слова, входящие в один кластер, обладают свойством семантической близости, что является важным результатом настоящей работы. Программная реализация разработанных моделей протестирована на коллекциях ключевых слов к научным публикациям, а также на коллекции тегов к постам в социальной сети ВКонтакте.},
    language = {russian}
}

@inproceedings{lunev_paper_5,
    author = {Васенин, В. А. and Афонин, С. А. and Зензинов, А. А. and Лунев, К. В. and Шачнев, Д. А.},
    title = {Механизмы системы <<ИСТИНА>> для интеллектуального анализа состояния и стимулирования хода выполнения проектов в сфере науки и высшего образования},
    booktitle = {Научный сервис в сети Интернет: труды XXI Всероссийской научной конференции (23-28 сентября 2019 г., г. Новороссийск)},
    year = {2019},
    doi = {10.20948/abrau-2019-48},
    editor = {Воеводин, Владимир Валентинович},
    pages = {210--221},
    publisher = {ИПМ им. М.В.Келдыша Москва},
    annote = {В статье описаны методологические принципы построения и развития информационно-аналитической системы (платформы) <<ИСТИНА>> (Интеллектуальная Система Тематического Исследования НАукометрических данных), которая разработана и в течение нескольких лет успешно эксплуатируется в МГУ имени М.В. Ломоносова, в ряде других организаций Российской академии наук и Минздрава РФ. Представлены основные её подсистемы, которые востребованы практикой подготовки принятия управленческих решений в организациях науки и в высших учебных заведениях, а также интерфейсы, позволяющие в <<дружественном режиме>> взаимодействовать с внешними по отношению к ИАС <<ИСТИНА>> информационными системами. Перечислены задачи, которые решаются с
использованием этих подсистем. Отмечены средства сопровождения и развития этого проекта. Отдельно представлены экспертно-аналитические функции и подходы к их реализации для анализа состояния хода выполнения поисковых исследований, проектов в сфере научно-технической и технологической деятельности, стимулирующие их исполнителей к более эффективной работе},
    language = {russian}
}

@inproceedings{lunev_paper_6,
    author = {Valery, Vasenin and Kirill, Lunev and Sergey, Afonin and Dmitry, Shachnev},
    title = {Methods for Intelligent Data Analysis Based on Keywords and Implicit Relations: The Case of “ISTINA” Data Analysis System},
    booktitle = {Actual Problems of Systems and Software Engineering — APSSE 2019},
    year = {2019},
    doi = {10.1109/APSSE47353.2019.00027},
    series = {IEEE Conference Proceedings},
    pages = {151--155},
    publisher = {United States},
    address = {United States},
    language = {english}
}
